<record><leader>00000cas a2200000 i 4500</leader><controlfield tag="001">962330105</controlfield><controlfield tag="006">m     o  d        </controlfield><controlfield tag="007">cr |||||||||||</controlfield><controlfield tag="008">161109d18871926ncusr neo     0   a0eng  </controlfield><datafield ind1=" " ind2=" " tag="010"><subfield code="a">  2016271221</subfield></datafield><datafield ind1=" " ind2=" " tag="040"><subfield code="a">DLC</subfield><subfield code="b">eng</subfield><subfield code="e">rda</subfield><subfield code="c">DLC</subfield><subfield code="d">DLC</subfield></datafield><datafield ind1="0" ind2=" " tag="022"><subfield code="a">2475-062X</subfield><subfield code="2">1</subfield></datafield><datafield ind1=" " ind2=" " tag="042"><subfield code="a">pcc</subfield><subfield code="a">nsdp</subfield></datafield><datafield ind1=" " ind2=" " tag="043"><subfield code="a">n-us-nc</subfield></datafield><datafield ind1="1" ind2="0" tag="050"><subfield code="a">ISSN RECORD</subfield></datafield><datafield ind1="1" ind2="0" tag="082"><subfield code="a">071</subfield><subfield code="2">23</subfield></datafield><datafield ind1="0" ind2=" " tag="130"><subfield code="a">Western sentinel (Winston-Salem, N.C. : 1887)</subfield></datafield><datafield ind1=" " ind2="4" tag="222"><subfield code="a">The western sentinel (Winston-Salem, N.C. 1887. Online)</subfield></datafield><datafield ind1="1" ind2="4" tag="245"><subfield code="a">The western sentinel.</subfield></datafield><datafield ind1=" " ind2="1" tag="264"><subfield code="a">Winston-Salem, N. C. :</subfield><subfield code="b">Vernon W. Long,</subfield><subfield code="c">1887-</subfield></datafield><datafield ind1=" " ind2=" " tag="300"><subfield code="a">1 online resource</subfield></datafield><datafield ind1=" " ind2=" " tag="310"><subfield code="a">Semiweekly,</subfield><subfield code="b">Oct. 22, 1907-Sept. 21, 1926</subfield></datafield><datafield ind1=" " ind2=" " tag="321"><subfield code="a">Weekly,</subfield><subfield code="b">July 28, 1887-Oct. 17, 1907</subfield></datafield><datafield ind1=" " ind2=" " tag="336"><subfield code="a">text</subfield><subfield code="b">txt</subfield><subfield code="2">rdacontent</subfield></datafield><datafield ind1=" " ind2=" " tag="337"><subfield code="a">computer</subfield><subfield code="b">c</subfield><subfield code="2">rdamedia</subfield></datafield><datafield ind1=" " ind2=" " tag="338"><subfield code="a">online resource</subfield><subfield code="b">cr</subfield><subfield code="2">rdacarrier</subfield></datafield><datafield ind1="1" ind2=" " tag="362"><subfield code="a">Began with vol. XXXI, no. 27 (July 14, 1887); ceased (September 21, 1926).</subfield></datafield><datafield ind1=" " ind2=" " tag="500"><subfield code="a">Absorbed by the Twin-city daily in 1890. Western sentinel continued to publish as the weekly ed. The Twin-city daily remained the daily ed., and added the word "sentinel" to its title.</subfield></datafield><datafield ind1=" " ind2=" " tag="515"><subfield code="a">Vol. numbering irregular.</subfield></datafield><datafield ind1=" " ind2=" " tag="588"><subfield code="a">Description based on: Vol. XXXI, no. 27 (July 14, 1887); title from masthead (Chroniclingamerica.loc.gov, viewed November 9, 2016).</subfield></datafield><datafield ind1=" " ind2=" " tag="588"><subfield code="a">Latest issue consulted: Sixty-Sixth Year (May 25, 1920) (Chroniclingamerica.loc.gov, viewed November 9, 2016).</subfield></datafield><datafield ind1=" " ind2="0" tag="651"><subfield code="a">Winston-Salem (N.C.)</subfield><subfield code="v">Newspapers.</subfield></datafield><datafield ind1=" " ind2="0" tag="651"><subfield code="a">Forsyth County (N.C.)</subfield><subfield code="v">Newspapers.</subfield></datafield><datafield ind1=" " ind2="7" tag="651"><subfield code="a">North Carolina</subfield><subfield code="z">Forsyth County.</subfield><subfield code="2">fast</subfield><subfield code="0">(OCoLC)fst01207435</subfield></datafield><datafield ind1=" " ind2="7" tag="651"><subfield code="a">North Carolina</subfield><subfield code="z">Winston-Salem.</subfield><subfield code="2">fast</subfield><subfield code="0">(OCoLC)fst01206125</subfield></datafield><datafield ind1=" " ind2="7" tag="655"><subfield code="a">Newspapers.</subfield><subfield code="2">fast</subfield><subfield code="0">(OCoLC)fst01423814</subfield></datafield><datafield ind1=" " ind2=" " tag="752"><subfield code="a">United States</subfield><subfield code="b">North Carolina</subfield><subfield code="c">Forsyth</subfield><subfield code="d">Winston-Salem.</subfield></datafield><datafield ind1="0" ind2=" " tag="775"><subfield code="t">Twin-city daily sentinel</subfield></datafield><datafield ind1="0" ind2="8" tag="776"><subfield code="i">Originally issued in print:</subfield><subfield code="t">Western sentinel (Winston-Salem, N.C. : 1887)</subfield><subfield code="x">2475-0611</subfield><subfield code="w">(DLC)sn 92073232</subfield><subfield code="w">(OCoLC)27160841</subfield></datafield><datafield ind1="0" ind2="5" tag="780"><subfield code="t">People's press (Salem, N.C.)</subfield></datafield><datafield ind1="0" ind2="0" tag="780"><subfield code="t">Weekly sentinel (Winston-Salem, N.C.)</subfield><subfield code="x">2475-0603</subfield><subfield code="w">(DLC)  2016271220</subfield><subfield code="w">(OCoLC)962326397</subfield></datafield><datafield ind1="1" ind2="5" tag="785"><subfield code="t">Twin-city daily</subfield></datafield><datafield ind1="4" ind2="0" tag="856"><subfield code="u">http://chroniclingamerica.loc.gov/lccn/sn92073232/issues/</subfield></datafield></record>